@book{book,
  author    = {Michael A. Nielsen and Isaac L. Chuang}, 
  title     = {Quantum Computation and Quantum Information},
  publisher = {Cambridge University Press},
  year      = 2000,
  pages     = {425-434}
}